@article{MACDONALD2020100079,
title = {Revisiting the Links-Species Scaling Relationship in Food Webs},
journal = {Patterns},
volume = {1},
number = {7},
pages = {100079},
year = {2020},
issn = {2666-3899},
doi = {https://doi.org/10.1016/j.patter.2020.100079},
url = {https://www.sciencedirect.com/science/article/pii/S2666389920301070},
author = {Arthur Andrew Meahan MacDonald and Francis Banville and Timothée Poisot},
keywords = {food webs, constant connectance, link-species scaling, power law, probabilistic programming, Bayesian methods},
}

@article{10.1371/journal.pcbi.1002928,
    doi = {10.1371/journal.pcbi.1002928},
    author = {Fortuna, Miguel A. AND Zaman, Luis AND Wagner, Aaron P. AND Ofria, Charles},
    journal = {PLOS Computational Biology},
    publisher = {Public Library of Science},
    title = {Evolving Digital Ecological Networks},
    year = {2013},
    month = {03},
    volume = {9},
    url = {https://doi.org/10.1371/journal.pcbi.1002928},
    pages = {1-6},
}

@article{watts_collective_1998,
  added-at = {2021-05-18T16:28:38.000+0200},
  author = {Watts, Duncan J. and Strogatz, Steven H.},
  biburl = {https://www.bibsonomy.org/bibtex/2b8d3db260a39adbd9a3b93db2896d602/alueschow},
  doi = {10.1038/30918},
  interhash = {02e54cb4f5d01567f9d4d2bfd5ca6587},
  intrahash = {b8d3db260a39adbd9a3b93db2896d602},
  journal = {Nature},
  keywords = {imported},
  number = 6684,
  pages = {440--442},
  timestamp = {2021-05-18T16:28:38.000+0200},
  title = {Collective dynamics of ‘small-world’ networks},
  volume = 393,
  year = 1998
}




